@article{Egorova2015,
  ISSN = {2687-1432},
  author = {N. N. EGOROVA},
  journal = {Yearbook Japan},
  pages = {1--12},
  publisher = {Association of Japanologists},
  title = {Put' yaponskoj knigi: istoriya pechatnoj knigi ot drevnosti do nashih dnej},
  volume = {44},
  year = {2015}
}

@article{Andrew2011,
  ISSN = {10987371, 15291499},
  author = {T. Kamei-Dyche ANDREW},
  journal = {Book History},
  pages = {270--304},
  publisher = {The Johns Hopkins University Press},
  title = {The History of Books and Print Culture in Japan: The State of the Discipline},
  volume = {14},
  year = {2011}
}

@article{Osaka1991,
  title = {Effective visual field size necessary for vertical reading during Japanese text processing},
  author = {OSAKA, Naoyuki and ODA, Koichi},
  journal = {Bulletin of the Psychonomic Society},
  volume = {29},
  number = {4},
  pages = {345--347},
  year = {1991},
  publisher = {Springer}
}

@inbook{Macwilliams2014,
  title = {Japanese visual culture: explorations in the world of manga and anime},
  author = {MACWILLIAMS, Mark W},
  year = {2014},
  publisher = {Routledge},
  chapter = {Introduction},
  ISBN = {9780765616029},
  pages = {3}
}

@inbook{Mccarthy2014,
  title = {A brief history of manga},
  author = {MCCARTHY, Helen},
  year = {2014},
  publisher = {Hachette UK},
  chapter = {Prehistory of manga},
  ISBN = {978-1781570982},
  pages = {4}
}

@mastersthesis{Gyllenfjell2013,
  author = {GYLLENFJELL, Per},
  title = {Case Study of Manga Translation Problems},
  school = {Högskolan Dalarna},
  year = {2013},
  type = {Bachelor Thesis}
}

@mastersthesis{Ito2020,
  author = {ITO, Tomoaki},
  title = {The Benefits of Anime Background in Comprehension with Manga in Japanese},
  school = {University of Massachusetts Amherst},
  year = {2020},
  type = {Master's Thesis}
}

@Misc{Jays2016,
  author = {JAYS, Japan},
  title = {What is Manga, and why is it backwards?},
  howpublished = {[online]},
  year = {rev. 21. října 2016},
  URL = {https://jaysjapan.wordpress.com/2016/10/21/what-is-manga-and-why-is-it-backwards/},
  note = {[vid. 2022-04-10]}
}

@Misc{Naveen2021,
  author = {NAVEEN},
  title = {Why is manga read backwards, from right to left? | Explained},
  howpublished = {[online]},
  year = {rev. 19. července 2021},
  URL = {https://theawesomeone.com/why-is-manga-read-backwards-from-right-to-left/},
  note = {[vid. 2022-04-10]}
}

@Misc{Skritter2014,
  author = {SKRITTER},
  title = {A brief history of the Japanese writing system},
  howpublished = {[online]},
  year = {rev. 25. července 2014},
  URL = {https://blog.skritter.com/2014/07/a-brief-history-of-the-japanese-writing-system/},
  note = {[vid. 2022-04-10]}
}